%YAML 1.1
%TAG !u! tag:unity3d.com,2011:
--- !u!1 &139699263592632092
GameObject:
  m_ObjectHideFlags: 0
  m_CorrespondingSourceObject: {fileID: 0}
  m_PrefabInstance: {fileID: 0}
  m_PrefabAsset: {fileID: 0}
  serializedVersion: 6
  m_Component:
  - component: {fileID: 5713563304726820348}
  - component: {fileID: 2300979622200666231}
  - component: {fileID: 3841606209553229826}
  - component: {fileID: 3731349427451723785}
  - component: {fileID: 2053470427966607838}
  - component: {fileID: 8838881068108867921}
  m_Layer: 5
  m_Name: ThoughtContent
  m_TagString: Untagged
  m_Icon: {fileID: 0}
  m_NavMeshLayer: 0
  m_StaticEditorFlags: 0
  m_IsActive: 1
--- !u!224 &5713563304726820348
RectTransform:
  m_ObjectHideFlags: 0
  m_CorrespondingSourceObject: {fileID: 0}
  m_PrefabInstance: {fileID: 0}
  m_PrefabAsset: {fileID: 0}
  m_GameObject: {fileID: 139699263592632092}
  m_LocalRotation: {x: 0, y: 0, z: 0, w: 1}
  m_LocalPosition: {x: 0, y: 0, z: 0}
  m_LocalScale: {x: 1, y: 1, z: 1}
  m_Children:
  - {fileID: 4481841067390809075}
  - {fileID: 6247211025293103319}
  - {fileID: 7896413069698360358}
  - {fileID: 281401553831537339}
  m_Father: {fileID: 0}
  m_RootOrder: 0
  m_LocalEulerAnglesHint: {x: 0, y: 0, z: 0}
  m_AnchorMin: {x: 0, y: 1}
  m_AnchorMax: {x: 0, y: 1}
  m_AnchoredPosition: {x: 240, y: -134.325}
  m_SizeDelta: {x: 0, y: 0}
  m_Pivot: {x: 0.5, y: 0.5}
--- !u!222 &2300979622200666231
CanvasRenderer:
  m_ObjectHideFlags: 0
  m_CorrespondingSourceObject: {fileID: 0}
  m_PrefabInstance: {fileID: 0}
  m_PrefabAsset: {fileID: 0}
  m_GameObject: {fileID: 139699263592632092}
  m_CullTransparentMesh: 1
--- !u!114 &3841606209553229826
MonoBehaviour:
  m_ObjectHideFlags: 0
  m_CorrespondingSourceObject: {fileID: 0}
  m_PrefabInstance: {fileID: 0}
  m_PrefabAsset: {fileID: 0}
  m_GameObject: {fileID: 139699263592632092}
  m_Enabled: 1
  m_EditorHideFlags: 0
  m_Script: {fileID: 11500000, guid: fe87c0e1cc204ed48ad3b37840f39efc, type: 3}
  m_Name: 
  m_EditorClassIdentifier: 
  m_Material: {fileID: 0}
  m_Color: {r: 0.10588236, g: 0.34117648, b: 0.34901962, a: 1}
  m_RaycastTarget: 1
  m_RaycastPadding: {x: 0, y: 0, z: 0, w: 0}
  m_Maskable: 1
  m_OnCullStateChanged:
    m_PersistentCalls:
      m_Calls: []
  m_Sprite: {fileID: 10907, guid: 0000000000000000f000000000000000, type: 0}
  m_Type: 1
  m_PreserveAspect: 0
  m_FillCenter: 0
  m_FillMethod: 4
  m_FillAmount: 1
  m_FillClockwise: 1
  m_FillOrigin: 0
  m_UseSpriteMesh: 0
  m_PixelsPerUnitMultiplier: 1
--- !u!114 &3731349427451723785
MonoBehaviour:
  m_ObjectHideFlags: 0
  m_CorrespondingSourceObject: {fileID: 0}
  m_PrefabInstance: {fileID: 0}
  m_PrefabAsset: {fileID: 0}
  m_GameObject: {fileID: 139699263592632092}
  m_Enabled: 1
  m_EditorHideFlags: 0
  m_Script: {fileID: 11500000, guid: 59f8146938fff824cb5fd77236b75775, type: 3}
  m_Name: 
  m_EditorClassIdentifier: 
  m_Padding:
    m_Left: 15
    m_Right: 15
    m_Top: 15
    m_Bottom: 15
  m_ChildAlignment: 0
  m_Spacing: 10
  m_ChildForceExpandWidth: 1
  m_ChildForceExpandHeight: 1
  m_ChildControlWidth: 0
  m_ChildControlHeight: 0
  m_ChildScaleWidth: 0
  m_ChildScaleHeight: 0
  m_ReverseArrangement: 0
--- !u!114 &2053470427966607838
MonoBehaviour:
  m_ObjectHideFlags: 0
  m_CorrespondingSourceObject: {fileID: 0}
  m_PrefabInstance: {fileID: 0}
  m_PrefabAsset: {fileID: 0}
  m_GameObject: {fileID: 139699263592632092}
  m_Enabled: 1
  m_EditorHideFlags: 0
  m_Script: {fileID: 11500000, guid: 3245ec927659c4140ac4f8d17403cc18, type: 3}
  m_Name: 
  m_EditorClassIdentifier: 
  m_HorizontalFit: 2
  m_VerticalFit: 2
--- !u!114 &8838881068108867921
MonoBehaviour:
  m_ObjectHideFlags: 0
  m_CorrespondingSourceObject: {fileID: 0}
  m_PrefabInstance: {fileID: 0}
  m_PrefabAsset: {fileID: 0}
  m_GameObject: {fileID: 139699263592632092}
  m_Enabled: 1
  m_EditorHideFlags: 0
  m_Script: {fileID: 11500000, guid: 82252e39d1bf1144a8ccffbe8ff4562d, type: 3}
  m_Name: 
  m_EditorClassIdentifier: 
--- !u!1 &4806814407441169193
GameObject:
  m_ObjectHideFlags: 0
  m_CorrespondingSourceObject: {fileID: 0}
  m_PrefabInstance: {fileID: 0}
  m_PrefabAsset: {fileID: 0}
  serializedVersion: 6
  m_Component:
  - component: {fileID: 3403433666665743148}
  - component: {fileID: 6163189329979965025}
  - component: {fileID: 6685246112546821564}
  - component: {fileID: 3583745848257886560}
  m_Layer: 5
  m_Name: Image
  m_TagString: Untagged
  m_Icon: {fileID: 0}
  m_NavMeshLayer: 0
  m_StaticEditorFlags: 0
  m_IsActive: 1
--- !u!224 &3403433666665743148
RectTransform:
  m_ObjectHideFlags: 0
  m_CorrespondingSourceObject: {fileID: 0}
  m_PrefabInstance: {fileID: 0}
  m_PrefabAsset: {fileID: 0}
  m_GameObject: {fileID: 4806814407441169193}
  m_LocalRotation: {x: 0, y: 0, z: 0, w: 1}
  m_LocalPosition: {x: 0, y: 0, z: 0}
  m_LocalScale: {x: 1, y: 1, z: 1}
  m_Children: []
  m_Father: {fileID: 4481841067390809075}
  m_RootOrder: 0
  m_LocalEulerAnglesHint: {x: 0, y: 0, z: 0}
  m_AnchorMin: {x: 1, y: 0.5}
  m_AnchorMax: {x: 1, y: 0.5}
  m_AnchoredPosition: {x: -10, y: 0}
  m_SizeDelta: {x: 15, y: 15}
  m_Pivot: {x: 0.5, y: 0.5}
--- !u!222 &6163189329979965025
CanvasRenderer:
  m_ObjectHideFlags: 0
  m_CorrespondingSourceObject: {fileID: 0}
  m_PrefabInstance: {fileID: 0}
  m_PrefabAsset: {fileID: 0}
  m_GameObject: {fileID: 4806814407441169193}
  m_CullTransparentMesh: 1
--- !u!114 &6685246112546821564
MonoBehaviour:
  m_ObjectHideFlags: 0
  m_CorrespondingSourceObject: {fileID: 0}
  m_PrefabInstance: {fileID: 0}
  m_PrefabAsset: {fileID: 0}
  m_GameObject: {fileID: 4806814407441169193}
  m_Enabled: 1
  m_EditorHideFlags: 0
  m_Script: {fileID: 11500000, guid: fe87c0e1cc204ed48ad3b37840f39efc, type: 3}
  m_Name: 
  m_EditorClassIdentifier: 
  m_Material: {fileID: 0}
  m_Color: {r: 1, g: 1, b: 1, a: 1}
  m_RaycastTarget: 1
  m_RaycastPadding: {x: 0, y: 0, z: 0, w: 0}
  m_Maskable: 1
  m_OnCullStateChanged:
    m_PersistentCalls:
      m_Calls: []
  m_Sprite: {fileID: 21300000, guid: de4cb0ea54a237747933d8cb0b9dbf32, type: 3}
  m_Type: 0
  m_PreserveAspect: 0
  m_FillCenter: 1
  m_FillMethod: 4
  m_FillAmount: 1
  m_FillClockwise: 1
  m_FillOrigin: 0
  m_UseSpriteMesh: 0
  m_PixelsPerUnitMultiplier: 1
--- !u!114 &3583745848257886560
MonoBehaviour:
  m_ObjectHideFlags: 0
  m_CorrespondingSourceObject: {fileID: 0}
  m_PrefabInstance: {fileID: 0}
  m_PrefabAsset: {fileID: 0}
  m_GameObject: {fileID: 4806814407441169193}
  m_Enabled: 1
  m_EditorHideFlags: 0
  m_Script: {fileID: 11500000, guid: 4e29b1a8efbd4b44bb3f3716e73f07ff, type: 3}
  m_Name: 
  m_EditorClassIdentifier: 
  m_Navigation:
    m_Mode: 3
    m_WrapAround: 0
    m_SelectOnUp: {fileID: 0}
    m_SelectOnDown: {fileID: 0}
    m_SelectOnLeft: {fileID: 0}
    m_SelectOnRight: {fileID: 0}
  m_Transition: 1
  m_Colors:
    m_NormalColor: {r: 1, g: 1, b: 1, a: 1}
    m_HighlightedColor: {r: 0.9607843, g: 0.9607843, b: 0.9607843, a: 1}
    m_PressedColor: {r: 0.78431374, g: 0.78431374, b: 0.78431374, a: 1}
    m_SelectedColor: {r: 0.9607843, g: 0.9607843, b: 0.9607843, a: 1}
    m_DisabledColor: {r: 0.78431374, g: 0.78431374, b: 0.78431374, a: 0.5019608}
    m_ColorMultiplier: 1
    m_FadeDuration: 0.1
  m_SpriteState:
    m_HighlightedSprite: {fileID: 0}
    m_PressedSprite: {fileID: 0}
    m_SelectedSprite: {fileID: 0}
    m_DisabledSprite: {fileID: 0}
  m_AnimationTriggers:
    m_NormalTrigger: Normal
    m_HighlightedTrigger: Highlighted
    m_PressedTrigger: Pressed
    m_SelectedTrigger: Selected
    m_DisabledTrigger: Disabled
  m_Interactable: 1
  m_TargetGraphic: {fileID: 6685246112546821564}
  m_OnClick:
    m_PersistentCalls:
      m_Calls:
      - m_Target: {fileID: 8838881068108867921}
        m_TargetAssemblyTypeName: MultiInputFieldContent, Assembly-CSharp
        m_MethodName: Delete
        m_Mode: 1
        m_Arguments:
          m_ObjectArgument: {fileID: 0}
          m_ObjectArgumentAssemblyTypeName: UnityEngine.Object, UnityEngine
          m_IntArgument: 0
          m_FloatArgument: 0
          m_StringArgument: 
          m_BoolArgument: 0
        m_CallState: 2
--- !u!1 &9127096728104457651
GameObject:
  m_ObjectHideFlags: 0
  m_CorrespondingSourceObject: {fileID: 0}
  m_PrefabInstance: {fileID: 0}
  m_PrefabAsset: {fileID: 0}
  serializedVersion: 6
  m_Component:
  - component: {fileID: 4481841067390809075}
  - component: {fileID: 9074148561663598980}
  m_Layer: 5
  m_Name: Header
  m_TagString: Untagged
  m_Icon: {fileID: 0}
  m_NavMeshLayer: 0
  m_StaticEditorFlags: 0
  m_IsActive: 1
--- !u!224 &4481841067390809075
RectTransform:
  m_ObjectHideFlags: 0
  m_CorrespondingSourceObject: {fileID: 0}
  m_PrefabInstance: {fileID: 0}
  m_PrefabAsset: {fileID: 0}
  m_GameObject: {fileID: 9127096728104457651}
  m_LocalRotation: {x: 0, y: 0, z: 0, w: 1}
  m_LocalPosition: {x: 0, y: 0, z: 0}
  m_LocalScale: {x: 1, y: 1, z: 1}
  m_Children:
  - {fileID: 3403433666665743148}
  m_Father: {fileID: 5713563304726820348}
  m_RootOrder: 0
  m_LocalEulerAnglesHint: {x: 0, y: 0, z: 0}
  m_AnchorMin: {x: 0, y: 1}
  m_AnchorMax: {x: 0, y: 1}
  m_AnchoredPosition: {x: 240, y: -16.8}
  m_SizeDelta: {x: 468, y: 0}
  m_Pivot: {x: 0.5, y: 0.5}
--- !u!114 &9074148561663598980
MonoBehaviour:
  m_ObjectHideFlags: 0
  m_CorrespondingSourceObject: {fileID: 0}
  m_PrefabInstance: {fileID: 0}
  m_PrefabAsset: {fileID: 0}
  m_GameObject: {fileID: 9127096728104457651}
  m_Enabled: 1
  m_EditorHideFlags: 0
  m_Script: {fileID: 11500000, guid: 306cc8c2b49d7114eaa3623786fc2126, type: 3}
  m_Name: 
  m_EditorClassIdentifier: 
  m_IgnoreLayout: 1
  m_MinWidth: -1
  m_MinHeight: -1
  m_PreferredWidth: -1
  m_PreferredHeight: -1
  m_FlexibleWidth: -1
  m_FlexibleHeight: -1
  m_LayoutPriority: 1
--- !u!1001 &38989669861022879
PrefabInstance:
  m_ObjectHideFlags: 0
  serializedVersion: 2
  m_Modification:
    m_TransformParent: {fileID: 5713563304726820348}
    m_Modifications:
    - target: {fileID: 2243034030890113173, guid: e3c986956c87c6c408952296b0cdbc43, type: 3}
      propertyPath: fieldId
      value: showThoughtAfterTime
      objectReference: {fileID: 0}
    - target: {fileID: 3433797636107311633, guid: e3c986956c87c6c408952296b0cdbc43, type: 3}
      propertyPath: m_text
      value: Delay of thought appearance (in seconds)
      objectReference: {fileID: 0}
    - target: {fileID: 3612037219146870045, guid: e3c986956c87c6c408952296b0cdbc43, type: 3}
      propertyPath: m_AnchorMax.y
      value: 0
      objectReference: {fileID: 0}
    - target: {fileID: 3612037219146870045, guid: e3c986956c87c6c408952296b0cdbc43, type: 3}
      propertyPath: m_AnchorMin.y
      value: 0
      objectReference: {fileID: 0}
    - target: {fileID: 3612037219146870045, guid: e3c986956c87c6c408952296b0cdbc43, type: 3}
      propertyPath: m_AnchoredPosition.x
      value: 0
      objectReference: {fileID: 0}
    - target: {fileID: 3612037219146870045, guid: e3c986956c87c6c408952296b0cdbc43, type: 3}
      propertyPath: m_AnchoredPosition.y
      value: 0
      objectReference: {fileID: 0}
    - target: {fileID: 3845009441830388240, guid: e3c986956c87c6c408952296b0cdbc43, type: 3}
      propertyPath: m_AnchorMax.y
      value: 0
      objectReference: {fileID: 0}
    - target: {fileID: 3845009441830388240, guid: e3c986956c87c6c408952296b0cdbc43, type: 3}
      propertyPath: m_AnchorMin.y
      value: 0
      objectReference: {fileID: 0}
    - target: {fileID: 3845009441830388240, guid: e3c986956c87c6c408952296b0cdbc43, type: 3}
      propertyPath: m_SizeDelta.x
      value: 177.2571
      objectReference: {fileID: 0}
    - target: {fileID: 3845009441830388240, guid: e3c986956c87c6c408952296b0cdbc43, type: 3}
      propertyPath: m_SizeDelta.y
      value: 0
      objectReference: {fileID: 0}
    - target: {fileID: 3845009441830388240, guid: e3c986956c87c6c408952296b0cdbc43, type: 3}
      propertyPath: m_AnchoredPosition.x
      value: 91.62855
      objectReference: {fileID: 0}
    - target: {fileID: 3845009441830388240, guid: e3c986956c87c6c408952296b0cdbc43, type: 3}
      propertyPath: m_AnchoredPosition.y
      value: 0
      objectReference: {fileID: 0}
    - target: {fileID: 6246051590036340501, guid: e3c986956c87c6c408952296b0cdbc43, type: 3}
      propertyPath: m_Name
      value: DecimalInputField
      objectReference: {fileID: 0}
    - target: {fileID: 6246051590036340501, guid: e3c986956c87c6c408952296b0cdbc43, type: 3}
      propertyPath: m_TagString
      value: Untagged
      objectReference: {fileID: 0}
    - target: {fileID: 6302202930106106228, guid: e3c986956c87c6c408952296b0cdbc43, type: 3}
      propertyPath: m_AnchorMax.y
      value: 0
      objectReference: {fileID: 0}
    - target: {fileID: 6302202930106106228, guid: e3c986956c87c6c408952296b0cdbc43, type: 3}
      propertyPath: m_AnchorMin.y
      value: 0
      objectReference: {fileID: 0}
    - target: {fileID: 6302202930106106228, guid: e3c986956c87c6c408952296b0cdbc43, type: 3}
      propertyPath: m_SizeDelta.y
      value: 0
      objectReference: {fileID: 0}
    - target: {fileID: 6302202930106106228, guid: e3c986956c87c6c408952296b0cdbc43, type: 3}
      propertyPath: m_AnchoredPosition.x
      value: 240
      objectReference: {fileID: 0}
    - target: {fileID: 6302202930106106228, guid: e3c986956c87c6c408952296b0cdbc43, type: 3}
      propertyPath: m_AnchoredPosition.y
      value: 0
      objectReference: {fileID: 0}
    - target: {fileID: 7319752796563814513, guid: e3c986956c87c6c408952296b0cdbc43, type: 3}
      propertyPath: m_text
      value: Time from when the player has the thought active until it is actually
        presented.
      objectReference: {fileID: 0}
    - target: {fileID: 7807895734274322684, guid: e3c986956c87c6c408952296b0cdbc43, type: 3}
      propertyPath: m_AnchorMax.y
      value: 0
      objectReference: {fileID: 0}
    - target: {fileID: 7807895734274322684, guid: e3c986956c87c6c408952296b0cdbc43, type: 3}
      propertyPath: m_AnchorMin.y
      value: 0
      objectReference: {fileID: 0}
    - target: {fileID: 7807895734274322684, guid: e3c986956c87c6c408952296b0cdbc43, type: 3}
      propertyPath: m_SizeDelta.x
      value: 0
      objectReference: {fileID: 0}
    - target: {fileID: 7807895734274322684, guid: e3c986956c87c6c408952296b0cdbc43, type: 3}
      propertyPath: m_AnchoredPosition.y
      value: 0
      objectReference: {fileID: 0}
    - target: {fileID: 7863062008355535033, guid: e3c986956c87c6c408952296b0cdbc43, type: 3}
      propertyPath: m_Pivot.x
      value: 0.5
      objectReference: {fileID: 0}
    - target: {fileID: 7863062008355535033, guid: e3c986956c87c6c408952296b0cdbc43, type: 3}
      propertyPath: m_Pivot.y
      value: 1
      objectReference: {fileID: 0}
    - target: {fileID: 7863062008355535033, guid: e3c986956c87c6c408952296b0cdbc43, type: 3}
      propertyPath: m_RootOrder
      value: 2
      objectReference: {fileID: 0}
    - target: {fileID: 7863062008355535033, guid: e3c986956c87c6c408952296b0cdbc43, type: 3}
      propertyPath: m_AnchorMax.x
      value: 0
      objectReference: {fileID: 0}
    - target: {fileID: 7863062008355535033, guid: e3c986956c87c6c408952296b0cdbc43, type: 3}
      propertyPath: m_AnchorMax.y
      value: 0
      objectReference: {fileID: 0}
    - target: {fileID: 7863062008355535033, guid: e3c986956c87c6c408952296b0cdbc43, type: 3}
      propertyPath: m_AnchorMin.x
      value: 0
      objectReference: {fileID: 0}
    - target: {fileID: 7863062008355535033, guid: e3c986956c87c6c408952296b0cdbc43, type: 3}
      propertyPath: m_AnchorMin.y
      value: 0
      objectReference: {fileID: 0}
    - target: {fileID: 7863062008355535033, guid: e3c986956c87c6c408952296b0cdbc43, type: 3}
      propertyPath: m_SizeDelta.x
      value: 110.0001
      objectReference: {fileID: 0}
    - target: {fileID: 7863062008355535033, guid: e3c986956c87c6c408952296b0cdbc43, type: 3}
      propertyPath: m_SizeDelta.y
      value: 0
      objectReference: {fileID: 0}
    - target: {fileID: 7863062008355535033, guid: e3c986956c87c6c408952296b0cdbc43, type: 3}
      propertyPath: m_LocalPosition.x
      value: 0
      objectReference: {fileID: 0}
    - target: {fileID: 7863062008355535033, guid: e3c986956c87c6c408952296b0cdbc43, type: 3}
      propertyPath: m_LocalPosition.y
      value: 0
      objectReference: {fileID: 0}
    - target: {fileID: 7863062008355535033, guid: e3c986956c87c6c408952296b0cdbc43, type: 3}
      propertyPath: m_LocalPosition.z
      value: 0
      objectReference: {fileID: 0}
    - target: {fileID: 7863062008355535033, guid: e3c986956c87c6c408952296b0cdbc43, type: 3}
      propertyPath: m_LocalRotation.w
      value: 1
      objectReference: {fileID: 0}
    - target: {fileID: 7863062008355535033, guid: e3c986956c87c6c408952296b0cdbc43, type: 3}
      propertyPath: m_LocalRotation.x
      value: 0
      objectReference: {fileID: 0}
    - target: {fileID: 7863062008355535033, guid: e3c986956c87c6c408952296b0cdbc43, type: 3}
      propertyPath: m_LocalRotation.y
      value: 0
      objectReference: {fileID: 0}
    - target: {fileID: 7863062008355535033, guid: e3c986956c87c6c408952296b0cdbc43, type: 3}
      propertyPath: m_LocalRotation.z
      value: 0
      objectReference: {fileID: 0}
    - target: {fileID: 7863062008355535033, guid: e3c986956c87c6c408952296b0cdbc43, type: 3}
      propertyPath: m_AnchoredPosition.x
      value: 70.000046
      objectReference: {fileID: 0}
    - target: {fileID: 7863062008355535033, guid: e3c986956c87c6c408952296b0cdbc43, type: 3}
      propertyPath: m_AnchoredPosition.y
      value: 0
      objectReference: {fileID: 0}
    - target: {fileID: 7863062008355535033, guid: e3c986956c87c6c408952296b0cdbc43, type: 3}
      propertyPath: m_LocalEulerAnglesHint.x
      value: 0
      objectReference: {fileID: 0}
    - target: {fileID: 7863062008355535033, guid: e3c986956c87c6c408952296b0cdbc43, type: 3}
      propertyPath: m_LocalEulerAnglesHint.y
      value: 0
      objectReference: {fileID: 0}
    - target: {fileID: 7863062008355535033, guid: e3c986956c87c6c408952296b0cdbc43, type: 3}
      propertyPath: m_LocalEulerAnglesHint.z
      value: 0
      objectReference: {fileID: 0}
    - target: {fileID: 8851291144065356665, guid: e3c986956c87c6c408952296b0cdbc43, type: 3}
      propertyPath: m_SizeDelta.x
      value: 183.2571
      objectReference: {fileID: 0}
    - target: {fileID: 8851291144065356665, guid: e3c986956c87c6c408952296b0cdbc43, type: 3}
      propertyPath: m_SizeDelta.y
      value: 0
      objectReference: {fileID: 0}
    - target: {fileID: 8851291144065356665, guid: e3c986956c87c6c408952296b0cdbc43, type: 3}
      propertyPath: m_AnchoredPosition.x
      value: 106.62854
      objectReference: {fileID: 0}
    - target: {fileID: 9113922603697290439, guid: e3c986956c87c6c408952296b0cdbc43, type: 3}
      propertyPath: m_AnchorMax.y
      value: 0
      objectReference: {fileID: 0}
    - target: {fileID: 9113922603697290439, guid: e3c986956c87c6c408952296b0cdbc43, type: 3}
      propertyPath: m_AnchorMin.y
      value: 0
      objectReference: {fileID: 0}
    - target: {fileID: 9113922603697290439, guid: e3c986956c87c6c408952296b0cdbc43, type: 3}
      propertyPath: m_SizeDelta.x
      value: 0
      objectReference: {fileID: 0}
    - target: {fileID: 9113922603697290439, guid: e3c986956c87c6c408952296b0cdbc43, type: 3}
      propertyPath: m_AnchoredPosition.x
      value: 121.01
      objectReference: {fileID: 0}
    - target: {fileID: 9113922603697290439, guid: e3c986956c87c6c408952296b0cdbc43, type: 3}
      propertyPath: m_AnchoredPosition.y
      value: 0
      objectReference: {fileID: 0}
    m_RemovedComponents: []
  m_SourcePrefab: {fileID: 100100000, guid: e3c986956c87c6c408952296b0cdbc43, type: 3}
--- !u!224 &7896413069698360358 stripped
RectTransform:
  m_CorrespondingSourceObject: {fileID: 7863062008355535033, guid: e3c986956c87c6c408952296b0cdbc43, type: 3}
  m_PrefabInstance: {fileID: 38989669861022879}
  m_PrefabAsset: {fileID: 0}
--- !u!1001 &4300295977930680430
PrefabInstance:
  m_ObjectHideFlags: 0
  serializedVersion: 2
  m_Modification:
    m_TransformParent: {fileID: 5713563304726820348}
    m_Modifications:
    - target: {fileID: 669933839118872118, guid: 4d44720d2fae46f40b6e461c1ebd28b1, type: 3}
      propertyPath: m_AnchorMax.y
      value: 0
      objectReference: {fileID: 0}
    - target: {fileID: 669933839118872118, guid: 4d44720d2fae46f40b6e461c1ebd28b1, type: 3}
      propertyPath: m_AnchorMin.y
      value: 0
      objectReference: {fileID: 0}
    - target: {fileID: 669933839118872118, guid: 4d44720d2fae46f40b6e461c1ebd28b1, type: 3}
      propertyPath: m_SizeDelta.x
      value: 399.5618
      objectReference: {fileID: 0}
    - target: {fileID: 669933839118872118, guid: 4d44720d2fae46f40b6e461c1ebd28b1, type: 3}
      propertyPath: m_SizeDelta.y
      value: 0
      objectReference: {fileID: 0}
    - target: {fileID: 669933839118872118, guid: 4d44720d2fae46f40b6e461c1ebd28b1, type: 3}
      propertyPath: m_AnchoredPosition.x
      value: 202.7809
      objectReference: {fileID: 0}
    - target: {fileID: 669933839118872118, guid: 4d44720d2fae46f40b6e461c1ebd28b1, type: 3}
      propertyPath: m_AnchoredPosition.y
      value: 0
      objectReference: {fileID: 0}
    - target: {fileID: 1022504339066732859, guid: 4d44720d2fae46f40b6e461c1ebd28b1, type: 3}
      propertyPath: m_AnchorMax.y
      value: 0
      objectReference: {fileID: 0}
    - target: {fileID: 1022504339066732859, guid: 4d44720d2fae46f40b6e461c1ebd28b1, type: 3}
      propertyPath: m_AnchorMin.y
      value: 0
      objectReference: {fileID: 0}
    - target: {fileID: 1022504339066732859, guid: 4d44720d2fae46f40b6e461c1ebd28b1, type: 3}
      propertyPath: m_AnchoredPosition.x
      value: 0
      objectReference: {fileID: 0}
    - target: {fileID: 1022504339066732859, guid: 4d44720d2fae46f40b6e461c1ebd28b1, type: 3}
      propertyPath: m_AnchoredPosition.y
      value: 0
      objectReference: {fileID: 0}
    - target: {fileID: 2729619107425424640, guid: 4d44720d2fae46f40b6e461c1ebd28b1, type: 3}
      propertyPath: m_AnchorMax.y
      value: 0
      objectReference: {fileID: 0}
    - target: {fileID: 2729619107425424640, guid: 4d44720d2fae46f40b6e461c1ebd28b1, type: 3}
      propertyPath: m_AnchorMin.y
      value: 0
      objectReference: {fileID: 0}
    - target: {fileID: 2729619107425424640, guid: 4d44720d2fae46f40b6e461c1ebd28b1, type: 3}
      propertyPath: m_SizeDelta.x
      value: 0
      objectReference: {fileID: 0}
    - target: {fileID: 2729619107425424640, guid: 4d44720d2fae46f40b6e461c1ebd28b1, type: 3}
      propertyPath: m_AnchoredPosition.x
      value: 0
      objectReference: {fileID: 0}
    - target: {fileID: 2729619107425424640, guid: 4d44720d2fae46f40b6e461c1ebd28b1, type: 3}
      propertyPath: m_AnchoredPosition.y
      value: 0
      objectReference: {fileID: 0}
    - target: {fileID: 3384536831955214763, guid: 4d44720d2fae46f40b6e461c1ebd28b1, type: 3}
      propertyPath: m_Options.m_Options.Array.size
      value: 25
      objectReference: {fileID: 0}
    - target: {fileID: 3384536831955214763, guid: 4d44720d2fae46f40b6e461c1ebd28b1, type: 3}
      propertyPath: m_Options.m_Options.Array.data[0].m_Text
      value: None
      objectReference: {fileID: 0}
    - target: {fileID: 3384536831955214763, guid: 4d44720d2fae46f40b6e461c1ebd28b1, type: 3}
      propertyPath: m_Options.m_Options.Array.data[1].m_Text
      value: Key
      objectReference: {fileID: 0}
    - target: {fileID: 3384536831955214763, guid: 4d44720d2fae46f40b6e461c1ebd28b1, type: 3}
      propertyPath: m_Options.m_Options.Array.data[2].m_Text
      value: Coin
      objectReference: {fileID: 0}
    - target: {fileID: 3384536831955214763, guid: 4d44720d2fae46f40b6e461c1ebd28b1, type: 3}
      propertyPath: m_Options.m_Options.Array.data[3].m_Text
      value: Door
      objectReference: {fileID: 0}
    - target: {fileID: 3384536831955214763, guid: 4d44720d2fae46f40b6e461c1ebd28b1, type: 3}
      propertyPath: m_Options.m_Options.Array.data[4].m_Text
      value: TrashBin
      objectReference: {fileID: 0}
    - target: {fileID: 3384536831955214763, guid: 4d44720d2fae46f40b6e461c1ebd28b1, type: 3}
      propertyPath: m_Options.m_Options.Array.data[5].m_Text
      value: TrashCan
      objectReference: {fileID: 0}
    - target: {fileID: 3384536831955214763, guid: 4d44720d2fae46f40b6e461c1ebd28b1, type: 3}
      propertyPath: m_Options.m_Options.Array.data[6].m_Text
      value: Laptop
      objectReference: {fileID: 0}
    - target: {fileID: 3384536831955214763, guid: 4d44720d2fae46f40b6e461c1ebd28b1, type: 3}
      propertyPath: m_Options.m_Options.Array.data[7].m_Text
      value: Paper
      objectReference: {fileID: 0}
    - target: {fileID: 3384536831955214763, guid: 4d44720d2fae46f40b6e461c1ebd28b1, type: 3}
      propertyPath: m_Options.m_Options.Array.data[8].m_Text
      value: Book_1
      objectReference: {fileID: 0}
    - target: {fileID: 3384536831955214763, guid: 4d44720d2fae46f40b6e461c1ebd28b1, type: 3}
      propertyPath: m_Options.m_Options.Array.data[9].m_Text
      value: Book_2
      objectReference: {fileID: 0}
    - target: {fileID: 3384536831955214763, guid: 4d44720d2fae46f40b6e461c1ebd28b1, type: 3}
      propertyPath: m_Options.m_Options.Array.data[10].m_Text
      value: BookOpen
      objectReference: {fileID: 0}
    - target: {fileID: 3384536831955214763, guid: 4d44720d2fae46f40b6e461c1ebd28b1, type: 3}
      propertyPath: m_Options.m_Options.Array.data[11].m_Text
      value: Calculator
      objectReference: {fileID: 0}
    - target: {fileID: 3384536831955214763, guid: 4d44720d2fae46f40b6e461c1ebd28b1, type: 3}
      propertyPath: m_Options.m_Options.Array.data[12].m_Text
      value: Flashlight
      objectReference: {fileID: 0}
    - target: {fileID: 3384536831955214763, guid: 4d44720d2fae46f40b6e461c1ebd28b1, type: 3}
      propertyPath: m_Options.m_Options.Array.data[13].m_Text
      value: HardDrive
      objectReference: {fileID: 0}
    - target: {fileID: 3384536831955214763, guid: 4d44720d2fae46f40b6e461c1ebd28b1, type: 3}
      propertyPath: m_Options.m_Options.Array.data[14].m_Text
      value: LegalPad
      objectReference: {fileID: 0}
    - target: {fileID: 3384536831955214763, guid: 4d44720d2fae46f40b6e461c1ebd28b1, type: 3}
      propertyPath: m_Options.m_Options.Array.data[15].m_Text
      value: NoteBlue
      objectReference: {fileID: 0}
    - target: {fileID: 3384536831955214763, guid: 4d44720d2fae46f40b6e461c1ebd28b1, type: 3}
      propertyPath: m_Options.m_Options.Array.data[16].m_Text
      value: NoteGreen
      objectReference: {fileID: 0}
    - target: {fileID: 3384536831955214763, guid: 4d44720d2fae46f40b6e461c1ebd28b1, type: 3}
      propertyPath: m_Options.m_Options.Array.data[17].m_Text
      value: Notepad
      objectReference: {fileID: 0}
    - target: {fileID: 3384536831955214763, guid: 4d44720d2fae46f40b6e461c1ebd28b1, type: 3}
      propertyPath: m_Options.m_Options.Array.data[18].m_Text
      value: NoteRed
      objectReference: {fileID: 0}
    - target: {fileID: 3384536831955214763, guid: 4d44720d2fae46f40b6e461c1ebd28b1, type: 3}
      propertyPath: m_Options.m_Options.Array.data[19].m_Text
      value: NoteYellow
      objectReference: {fileID: 0}
    - target: {fileID: 3384536831955214763, guid: 4d44720d2fae46f40b6e461c1ebd28b1, type: 3}
      propertyPath: m_Options.m_Options.Array.data[20].m_Text
      value: PenPencilEraser
      objectReference: {fileID: 0}
    - target: {fileID: 3384536831955214763, guid: 4d44720d2fae46f40b6e461c1ebd28b1, type: 3}
      propertyPath: m_Options.m_Options.Array.data[21].m_Text
      value: Phone
      objectReference: {fileID: 0}
    - target: {fileID: 3384536831955214763, guid: 4d44720d2fae46f40b6e461c1ebd28b1, type: 3}
      propertyPath: m_Options.m_Options.Array.data[22].m_Text
      value: Monitor
      objectReference: {fileID: 0}
    - target: {fileID: 3384536831955214763, guid: 4d44720d2fae46f40b6e461c1ebd28b1, type: 3}
      propertyPath: m_Options.m_Options.Array.data[23].m_Text
      value: BooksHorizontal
      objectReference: {fileID: 0}
    - target: {fileID: 3384536831955214763, guid: 4d44720d2fae46f40b6e461c1ebd28b1, type: 3}
      propertyPath: m_Options.m_Options.Array.data[24].m_Text
      value: BooksVertical
      objectReference: {fileID: 0}
    - target: {fileID: 3384536831955214763, guid: 4d44720d2fae46f40b6e461c1ebd28b1, type: 3}
      propertyPath: m_Options.m_Options.Array.data[25].m_Text
      value: DoorTiago
      objectReference: {fileID: 0}
    - target: {fileID: 3384536831955214763, guid: 4d44720d2fae46f40b6e461c1ebd28b1, type: 3}
      propertyPath: m_Options.m_Options.Array.data[26].m_Text
      value: Amethyst
      objectReference: {fileID: 0}
    - target: {fileID: 3384536831955214763, guid: 4d44720d2fae46f40b6e461c1ebd28b1, type: 3}
      propertyPath: m_Options.m_Options.Array.data[27].m_Text
      value: Brew
      objectReference: {fileID: 0}
    - target: {fileID: 3384536831955214763, guid: 4d44720d2fae46f40b6e461c1ebd28b1, type: 3}
      propertyPath: m_Options.m_Options.Array.data[28].m_Text
      value: Cabinet
      objectReference: {fileID: 0}
    - target: {fileID: 3384536831955214763, guid: 4d44720d2fae46f40b6e461c1ebd28b1, type: 3}
      propertyPath: m_Options.m_Options.Array.data[29].m_Text
      value: Coat
      objectReference: {fileID: 0}
    - target: {fileID: 3384536831955214763, guid: 4d44720d2fae46f40b6e461c1ebd28b1, type: 3}
      propertyPath: m_Options.m_Options.Array.data[30].m_Text
      value: FuturisticComputer
      objectReference: {fileID: 0}
    - target: {fileID: 3384536831955214763, guid: 4d44720d2fae46f40b6e461c1ebd28b1, type: 3}
      propertyPath: m_Options.m_Options.Array.data[31].m_Text
      value: Jasmine
      objectReference: {fileID: 0}
    - target: {fileID: 3384536831955214763, guid: 4d44720d2fae46f40b6e461c1ebd28b1, type: 3}
      propertyPath: m_Options.m_Options.Array.data[32].m_Text
      value: Key2
      objectReference: {fileID: 0}
    - target: {fileID: 3384536831955214763, guid: 4d44720d2fae46f40b6e461c1ebd28b1, type: 3}
      propertyPath: m_Options.m_Options.Array.data[33].m_Text
      value: Lamp
      objectReference: {fileID: 0}
    - target: {fileID: 3384536831955214763, guid: 4d44720d2fae46f40b6e461c1ebd28b1, type: 3}
      propertyPath: m_Options.m_Options.Array.data[34].m_Text
      value: Mirror
      objectReference: {fileID: 0}
    - target: {fileID: 3384536831955214763, guid: 4d44720d2fae46f40b6e461c1ebd28b1, type: 3}
      propertyPath: m_Options.m_Options.Array.data[35].m_Text
      value: Pen
      objectReference: {fileID: 0}
    - target: {fileID: 3384536831955214763, guid: 4d44720d2fae46f40b6e461c1ebd28b1, type: 3}
      propertyPath: m_Options.m_Options.Array.data[36].m_Text
      value: Phonograph
      objectReference: {fileID: 0}
    - target: {fileID: 3384536831955214763, guid: 4d44720d2fae46f40b6e461c1ebd28b1, type: 3}
      propertyPath: m_Options.m_Options.Array.data[37].m_Text
      value: Pillow
      objectReference: {fileID: 0}
    - target: {fileID: 3384536831955214763, guid: 4d44720d2fae46f40b6e461c1ebd28b1, type: 3}
      propertyPath: m_Options.m_Options.Array.data[38].m_Text
      value: Remote
      objectReference: {fileID: 0}
    - target: {fileID: 3384536831955214763, guid: 4d44720d2fae46f40b6e461c1ebd28b1, type: 3}
      propertyPath: m_Options.m_Options.Array.data[39].m_Text
      value: Screwdriver
      objectReference: {fileID: 0}
    - target: {fileID: 3384536831955214763, guid: 4d44720d2fae46f40b6e461c1ebd28b1, type: 3}
      propertyPath: m_Options.m_Options.Array.data[40].m_Text
      value: Slime
      objectReference: {fileID: 0}
    - target: {fileID: 3384536831955214763, guid: 4d44720d2fae46f40b6e461c1ebd28b1, type: 3}
      propertyPath: m_Options.m_Options.Array.data[41].m_Text
      value: SnowGlobe
      objectReference: {fileID: 0}
    - target: {fileID: 3384536831955214763, guid: 4d44720d2fae46f40b6e461c1ebd28b1, type: 3}
      propertyPath: m_Options.m_Options.Array.data[42].m_Text
      value: Stapler
      objectReference: {fileID: 0}
    - target: {fileID: 3384536831955214763, guid: 4d44720d2fae46f40b6e461c1ebd28b1, type: 3}
      propertyPath: m_Options.m_Options.Array.data[43].m_Text
      value: Stone
      objectReference: {fileID: 0}
    - target: {fileID: 3384536831955214763, guid: 4d44720d2fae46f40b6e461c1ebd28b1, type: 3}
      propertyPath: m_Options.m_Options.Array.data[44].m_Text
      value: TimeMachine
      objectReference: {fileID: 0}
    - target: {fileID: 3433797636107311633, guid: 4d44720d2fae46f40b6e461c1ebd28b1, type: 3}
      propertyPath: m_text
      value: Item
      objectReference: {fileID: 0}
    - target: {fileID: 5099825853403037535, guid: 4d44720d2fae46f40b6e461c1ebd28b1, type: 3}
      propertyPath: m_SizeDelta.x
      value: 405.5618
      objectReference: {fileID: 0}
    - target: {fileID: 5099825853403037535, guid: 4d44720d2fae46f40b6e461c1ebd28b1, type: 3}
      propertyPath: m_SizeDelta.y
      value: 0
      objectReference: {fileID: 0}
    - target: {fileID: 5099825853403037535, guid: 4d44720d2fae46f40b6e461c1ebd28b1, type: 3}
      propertyPath: m_AnchoredPosition.x
      value: 217.78085
      objectReference: {fileID: 0}
    - target: {fileID: 5618547087373503417, guid: 4d44720d2fae46f40b6e461c1ebd28b1, type: 3}
      propertyPath: fieldId
      value: itemGrabbed
      objectReference: {fileID: 0}
    - target: {fileID: 5941315317154518226, guid: 4d44720d2fae46f40b6e461c1ebd28b1, type: 3}
      propertyPath: m_text
      value: None
      objectReference: {fileID: 0}
    - target: {fileID: 6246051590036340501, guid: 4d44720d2fae46f40b6e461c1ebd28b1, type: 3}
      propertyPath: m_Name
      value: Dropdown
      objectReference: {fileID: 0}
    - target: {fileID: 6246051590036340501, guid: 4d44720d2fae46f40b6e461c1ebd28b1, type: 3}
      propertyPath: m_TagString
      value: Untagged
      objectReference: {fileID: 0}
    - target: {fileID: 6450525288290374743, guid: 4d44720d2fae46f40b6e461c1ebd28b1, type: 3}
      propertyPath: m_text
      value: Item with which the player has interacted. If the field is None, the
        thought will be associated with the beginning of the game.
      objectReference: {fileID: 0}
    - target: {fileID: 7863062008355535033, guid: 4d44720d2fae46f40b6e461c1ebd28b1, type: 3}
      propertyPath: m_Pivot.x
      value: 0.5
      objectReference: {fileID: 0}
    - target: {fileID: 7863062008355535033, guid: 4d44720d2fae46f40b6e461c1ebd28b1, type: 3}
      propertyPath: m_Pivot.y
      value: 1
      objectReference: {fileID: 0}
    - target: {fileID: 7863062008355535033, guid: 4d44720d2fae46f40b6e461c1ebd28b1, type: 3}
      propertyPath: m_RootOrder
      value: 1
      objectReference: {fileID: 0}
    - target: {fileID: 7863062008355535033, guid: 4d44720d2fae46f40b6e461c1ebd28b1, type: 3}
      propertyPath: m_AnchorMax.x
      value: 0
      objectReference: {fileID: 0}
    - target: {fileID: 7863062008355535033, guid: 4d44720d2fae46f40b6e461c1ebd28b1, type: 3}
      propertyPath: m_AnchorMax.y
      value: 0
      objectReference: {fileID: 0}
    - target: {fileID: 7863062008355535033, guid: 4d44720d2fae46f40b6e461c1ebd28b1, type: 3}
      propertyPath: m_AnchorMin.x
      value: 0
      objectReference: {fileID: 0}
    - target: {fileID: 7863062008355535033, guid: 4d44720d2fae46f40b6e461c1ebd28b1, type: 3}
      propertyPath: m_AnchorMin.y
      value: 0
      objectReference: {fileID: 0}
    - target: {fileID: 7863062008355535033, guid: 4d44720d2fae46f40b6e461c1ebd28b1, type: 3}
      propertyPath: m_SizeDelta.x
      value: 450
      objectReference: {fileID: 0}
    - target: {fileID: 7863062008355535033, guid: 4d44720d2fae46f40b6e461c1ebd28b1, type: 3}
      propertyPath: m_SizeDelta.y
      value: 0
      objectReference: {fileID: 0}
    - target: {fileID: 7863062008355535033, guid: 4d44720d2fae46f40b6e461c1ebd28b1, type: 3}
      propertyPath: m_LocalPosition.x
      value: 0
      objectReference: {fileID: 0}
    - target: {fileID: 7863062008355535033, guid: 4d44720d2fae46f40b6e461c1ebd28b1, type: 3}
      propertyPath: m_LocalPosition.y
      value: 0
      objectReference: {fileID: 0}
    - target: {fileID: 7863062008355535033, guid: 4d44720d2fae46f40b6e461c1ebd28b1, type: 3}
      propertyPath: m_LocalPosition.z
      value: 0
      objectReference: {fileID: 0}
    - target: {fileID: 7863062008355535033, guid: 4d44720d2fae46f40b6e461c1ebd28b1, type: 3}
      propertyPath: m_LocalRotation.w
      value: 1
      objectReference: {fileID: 0}
    - target: {fileID: 7863062008355535033, guid: 4d44720d2fae46f40b6e461c1ebd28b1, type: 3}
      propertyPath: m_LocalRotation.x
      value: 0
      objectReference: {fileID: 0}
    - target: {fileID: 7863062008355535033, guid: 4d44720d2fae46f40b6e461c1ebd28b1, type: 3}
      propertyPath: m_LocalRotation.y
      value: 0
      objectReference: {fileID: 0}
    - target: {fileID: 7863062008355535033, guid: 4d44720d2fae46f40b6e461c1ebd28b1, type: 3}
      propertyPath: m_LocalRotation.z
      value: 0
      objectReference: {fileID: 0}
    - target: {fileID: 7863062008355535033, guid: 4d44720d2fae46f40b6e461c1ebd28b1, type: 3}
      propertyPath: m_AnchoredPosition.x
      value: 240
      objectReference: {fileID: 0}
    - target: {fileID: 7863062008355535033, guid: 4d44720d2fae46f40b6e461c1ebd28b1, type: 3}
      propertyPath: m_AnchoredPosition.y
      value: 0
      objectReference: {fileID: 0}
    - target: {fileID: 7863062008355535033, guid: 4d44720d2fae46f40b6e461c1ebd28b1, type: 3}
      propertyPath: m_LocalEulerAnglesHint.x
      value: 0
      objectReference: {fileID: 0}
    - target: {fileID: 7863062008355535033, guid: 4d44720d2fae46f40b6e461c1ebd28b1, type: 3}
      propertyPath: m_LocalEulerAnglesHint.y
      value: 0
      objectReference: {fileID: 0}
    - target: {fileID: 7863062008355535033, guid: 4d44720d2fae46f40b6e461c1ebd28b1, type: 3}
      propertyPath: m_LocalEulerAnglesHint.z
      value: 0
      objectReference: {fileID: 0}
    - target: {fileID: 8977471120300692533, guid: 4d44720d2fae46f40b6e461c1ebd28b1, type: 3}
      propertyPath: m_AnchorMax.y
      value: 0
      objectReference: {fileID: 0}
    - target: {fileID: 8977471120300692533, guid: 4d44720d2fae46f40b6e461c1ebd28b1, type: 3}
      propertyPath: m_AnchorMin.y
      value: 0
      objectReference: {fileID: 0}
    - target: {fileID: 8977471120300692533, guid: 4d44720d2fae46f40b6e461c1ebd28b1, type: 3}
      propertyPath: m_SizeDelta.x
      value: 450
      objectReference: {fileID: 0}
    - target: {fileID: 8977471120300692533, guid: 4d44720d2fae46f40b6e461c1ebd28b1, type: 3}
      propertyPath: m_SizeDelta.y
      value: 0
      objectReference: {fileID: 0}
    - target: {fileID: 8977471120300692533, guid: 4d44720d2fae46f40b6e461c1ebd28b1, type: 3}
      propertyPath: m_AnchoredPosition.x
      value: 225
      objectReference: {fileID: 0}
    - target: {fileID: 8977471120300692533, guid: 4d44720d2fae46f40b6e461c1ebd28b1, type: 3}
      propertyPath: m_AnchoredPosition.y
      value: 0
      objectReference: {fileID: 0}
    - target: {fileID: 9113922603697290439, guid: 4d44720d2fae46f40b6e461c1ebd28b1, type: 3}
      propertyPath: m_AnchorMax.y
      value: 0
      objectReference: {fileID: 0}
    - target: {fileID: 9113922603697290439, guid: 4d44720d2fae46f40b6e461c1ebd28b1, type: 3}
      propertyPath: m_AnchorMin.y
      value: 0
      objectReference: {fileID: 0}
    - target: {fileID: 9113922603697290439, guid: 4d44720d2fae46f40b6e461c1ebd28b1, type: 3}
      propertyPath: m_SizeDelta.x
      value: 0
      objectReference: {fileID: 0}
    - target: {fileID: 9113922603697290439, guid: 4d44720d2fae46f40b6e461c1ebd28b1, type: 3}
      propertyPath: m_AnchoredPosition.x
      value: 12.85
      objectReference: {fileID: 0}
    - target: {fileID: 9113922603697290439, guid: 4d44720d2fae46f40b6e461c1ebd28b1, type: 3}
      propertyPath: m_AnchoredPosition.y
      value: 0
      objectReference: {fileID: 0}
    m_RemovedComponents: []
  m_SourcePrefab: {fileID: 100100000, guid: 4d44720d2fae46f40b6e461c1ebd28b1, type: 3}
--- !u!224 &6247211025293103319 stripped
RectTransform:
  m_CorrespondingSourceObject: {fileID: 7863062008355535033, guid: 4d44720d2fae46f40b6e461c1ebd28b1, type: 3}
  m_PrefabInstance: {fileID: 4300295977930680430}
  m_PrefabAsset: {fileID: 0}
--- !u!1001 &7996290691736637954
PrefabInstance:
  m_ObjectHideFlags: 0
  serializedVersion: 2
  m_Modification:
    m_TransformParent: {fileID: 5713563304726820348}
    m_Modifications:
    - target: {fileID: 763066800909560229, guid: 88238e6575e09a84d8adaa6a322b7b87, type: 3}
      propertyPath: m_text
      value: Message that is display to the player.
      objectReference: {fileID: 0}
    - target: {fileID: 1572903281088496301, guid: 88238e6575e09a84d8adaa6a322b7b87, type: 3}
      propertyPath: m_SizeDelta.x
      value: 220.5371
      objectReference: {fileID: 0}
    - target: {fileID: 1572903281088496301, guid: 88238e6575e09a84d8adaa6a322b7b87, type: 3}
      propertyPath: m_SizeDelta.y
      value: 0
      objectReference: {fileID: 0}
    - target: {fileID: 1572903281088496301, guid: 88238e6575e09a84d8adaa6a322b7b87, type: 3}
      propertyPath: m_AnchoredPosition.x
      value: 125.26854
      objectReference: {fileID: 0}
    - target: {fileID: 3433797636107311633, guid: 88238e6575e09a84d8adaa6a322b7b87, type: 3}
      propertyPath: m_text
      value: Thought message
      objectReference: {fileID: 0}
    - target: {fileID: 5528683372802567854, guid: 88238e6575e09a84d8adaa6a322b7b87, type: 3}
      propertyPath: fieldId
      value: message
      objectReference: {fileID: 0}
    - target: {fileID: 5528683372802567854, guid: 88238e6575e09a84d8adaa6a322b7b87, type: 3}
      propertyPath: translateValue
      value: 1
      objectReference: {fileID: 0}
    - target: {fileID: 5825915780908053812, guid: 88238e6575e09a84d8adaa6a322b7b87, type: 3}
      propertyPath: m_AnchorMax.y
      value: 0
      objectReference: {fileID: 0}
    - target: {fileID: 5825915780908053812, guid: 88238e6575e09a84d8adaa6a322b7b87, type: 3}
      propertyPath: m_AnchorMin.y
      value: 0
      objectReference: {fileID: 0}
    - target: {fileID: 5825915780908053812, guid: 88238e6575e09a84d8adaa6a322b7b87, type: 3}
      propertyPath: m_SizeDelta.x
      value: 450
      objectReference: {fileID: 0}
    - target: {fileID: 5825915780908053812, guid: 88238e6575e09a84d8adaa6a322b7b87, type: 3}
      propertyPath: m_SizeDelta.y
      value: 0
      objectReference: {fileID: 0}
    - target: {fileID: 5825915780908053812, guid: 88238e6575e09a84d8adaa6a322b7b87, type: 3}
      propertyPath: m_AnchoredPosition.x
      value: 225
      objectReference: {fileID: 0}
    - target: {fileID: 5825915780908053812, guid: 88238e6575e09a84d8adaa6a322b7b87, type: 3}
      propertyPath: m_AnchoredPosition.y
      value: 0
      objectReference: {fileID: 0}
    - target: {fileID: 6246051590036340501, guid: 88238e6575e09a84d8adaa6a322b7b87, type: 3}
      propertyPath: m_Name
      value: TextInputField
      objectReference: {fileID: 0}
    - target: {fileID: 6246051590036340501, guid: 88238e6575e09a84d8adaa6a322b7b87, type: 3}
      propertyPath: m_TagString
      value: Untagged
      objectReference: {fileID: 0}
    - target: {fileID: 6511711253093864388, guid: 88238e6575e09a84d8adaa6a322b7b87, type: 3}
      propertyPath: m_AnchorMax.y
      value: 0
      objectReference: {fileID: 0}
    - target: {fileID: 6511711253093864388, guid: 88238e6575e09a84d8adaa6a322b7b87, type: 3}
      propertyPath: m_AnchorMin.y
      value: 0
      objectReference: {fileID: 0}
    - target: {fileID: 6511711253093864388, guid: 88238e6575e09a84d8adaa6a322b7b87, type: 3}
      propertyPath: m_SizeDelta.x
      value: 214.5371
      objectReference: {fileID: 0}
    - target: {fileID: 6511711253093864388, guid: 88238e6575e09a84d8adaa6a322b7b87, type: 3}
      propertyPath: m_SizeDelta.y
      value: 0
      objectReference: {fileID: 0}
    - target: {fileID: 6511711253093864388, guid: 88238e6575e09a84d8adaa6a322b7b87, type: 3}
      propertyPath: m_AnchoredPosition.x
      value: 110.26855
      objectReference: {fileID: 0}
    - target: {fileID: 6511711253093864388, guid: 88238e6575e09a84d8adaa6a322b7b87, type: 3}
      propertyPath: m_AnchoredPosition.y
      value: 0
      objectReference: {fileID: 0}
    - target: {fileID: 6711069210056670409, guid: 88238e6575e09a84d8adaa6a322b7b87, type: 3}
      propertyPath: m_AnchorMax.y
      value: 0
      objectReference: {fileID: 0}
    - target: {fileID: 6711069210056670409, guid: 88238e6575e09a84d8adaa6a322b7b87, type: 3}
      propertyPath: m_AnchorMin.y
      value: 0
      objectReference: {fileID: 0}
    - target: {fileID: 6711069210056670409, guid: 88238e6575e09a84d8adaa6a322b7b87, type: 3}
      propertyPath: m_AnchoredPosition.x
      value: 0
      objectReference: {fileID: 0}
    - target: {fileID: 6711069210056670409, guid: 88238e6575e09a84d8adaa6a322b7b87, type: 3}
      propertyPath: m_AnchoredPosition.y
      value: 0
      objectReference: {fileID: 0}
    - target: {fileID: 7709832187165049551, guid: 88238e6575e09a84d8adaa6a322b7b87, type: 3}
      propertyPath: m_AnchorMax.y
      value: 0
      objectReference: {fileID: 0}
    - target: {fileID: 7709832187165049551, guid: 88238e6575e09a84d8adaa6a322b7b87, type: 3}
      propertyPath: m_AnchorMin.y
      value: 0
      objectReference: {fileID: 0}
    - target: {fileID: 7709832187165049551, guid: 88238e6575e09a84d8adaa6a322b7b87, type: 3}
      propertyPath: m_SizeDelta.x
      value: 450
      objectReference: {fileID: 0}
    - target: {fileID: 7709832187165049551, guid: 88238e6575e09a84d8adaa6a322b7b87, type: 3}
      propertyPath: m_SizeDelta.y
      value: 0
      objectReference: {fileID: 0}
    - target: {fileID: 7709832187165049551, guid: 88238e6575e09a84d8adaa6a322b7b87, type: 3}
      propertyPath: m_AnchoredPosition.x
      value: 225
      objectReference: {fileID: 0}
    - target: {fileID: 7709832187165049551, guid: 88238e6575e09a84d8adaa6a322b7b87, type: 3}
      propertyPath: m_AnchoredPosition.y
      value: 0
      objectReference: {fileID: 0}
    - target: {fileID: 7863062008355535033, guid: 88238e6575e09a84d8adaa6a322b7b87, type: 3}
      propertyPath: m_Pivot.x
      value: 0.5
      objectReference: {fileID: 0}
    - target: {fileID: 7863062008355535033, guid: 88238e6575e09a84d8adaa6a322b7b87, type: 3}
      propertyPath: m_Pivot.y
      value: 1
      objectReference: {fileID: 0}
    - target: {fileID: 7863062008355535033, guid: 88238e6575e09a84d8adaa6a322b7b87, type: 3}
      propertyPath: m_RootOrder
      value: 3
      objectReference: {fileID: 0}
    - target: {fileID: 7863062008355535033, guid: 88238e6575e09a84d8adaa6a322b7b87, type: 3}
      propertyPath: m_AnchorMax.x
      value: 0
      objectReference: {fileID: 0}
    - target: {fileID: 7863062008355535033, guid: 88238e6575e09a84d8adaa6a322b7b87, type: 3}
      propertyPath: m_AnchorMax.y
      value: 0
      objectReference: {fileID: 0}
    - target: {fileID: 7863062008355535033, guid: 88238e6575e09a84d8adaa6a322b7b87, type: 3}
      propertyPath: m_AnchorMin.x
      value: 0
      objectReference: {fileID: 0}
    - target: {fileID: 7863062008355535033, guid: 88238e6575e09a84d8adaa6a322b7b87, type: 3}
      propertyPath: m_AnchorMin.y
      value: 0
      objectReference: {fileID: 0}
    - target: {fileID: 7863062008355535033, guid: 88238e6575e09a84d8adaa6a322b7b87, type: 3}
      propertyPath: m_SizeDelta.x
      value: 450
      objectReference: {fileID: 0}
    - target: {fileID: 7863062008355535033, guid: 88238e6575e09a84d8adaa6a322b7b87, type: 3}
      propertyPath: m_SizeDelta.y
      value: 0
      objectReference: {fileID: 0}
    - target: {fileID: 7863062008355535033, guid: 88238e6575e09a84d8adaa6a322b7b87, type: 3}
      propertyPath: m_LocalPosition.x
      value: 0
      objectReference: {fileID: 0}
    - target: {fileID: 7863062008355535033, guid: 88238e6575e09a84d8adaa6a322b7b87, type: 3}
      propertyPath: m_LocalPosition.y
      value: 0
      objectReference: {fileID: 0}
    - target: {fileID: 7863062008355535033, guid: 88238e6575e09a84d8adaa6a322b7b87, type: 3}
      propertyPath: m_LocalPosition.z
      value: 0
      objectReference: {fileID: 0}
    - target: {fileID: 7863062008355535033, guid: 88238e6575e09a84d8adaa6a322b7b87, type: 3}
      propertyPath: m_LocalRotation.w
      value: 1
      objectReference: {fileID: 0}
    - target: {fileID: 7863062008355535033, guid: 88238e6575e09a84d8adaa6a322b7b87, type: 3}
      propertyPath: m_LocalRotation.x
      value: 0
      objectReference: {fileID: 0}
    - target: {fileID: 7863062008355535033, guid: 88238e6575e09a84d8adaa6a322b7b87, type: 3}
      propertyPath: m_LocalRotation.y
      value: 0
      objectReference: {fileID: 0}
    - target: {fileID: 7863062008355535033, guid: 88238e6575e09a84d8adaa6a322b7b87, type: 3}
      propertyPath: m_LocalRotation.z
      value: 0
      objectReference: {fileID: 0}
    - target: {fileID: 7863062008355535033, guid: 88238e6575e09a84d8adaa6a322b7b87, type: 3}
      propertyPath: m_AnchoredPosition.x
      value: 240
      objectReference: {fileID: 0}
    - target: {fileID: 7863062008355535033, guid: 88238e6575e09a84d8adaa6a322b7b87, type: 3}
      propertyPath: m_AnchoredPosition.y
      value: 0
      objectReference: {fileID: 0}
    - target: {fileID: 7863062008355535033, guid: 88238e6575e09a84d8adaa6a322b7b87, type: 3}
      propertyPath: m_LocalEulerAnglesHint.x
      value: 0
      objectReference: {fileID: 0}
    - target: {fileID: 7863062008355535033, guid: 88238e6575e09a84d8adaa6a322b7b87, type: 3}
      propertyPath: m_LocalEulerAnglesHint.y
      value: 0
      objectReference: {fileID: 0}
    - target: {fileID: 7863062008355535033, guid: 88238e6575e09a84d8adaa6a322b7b87, type: 3}
      propertyPath: m_LocalEulerAnglesHint.z
      value: 0
      objectReference: {fileID: 0}
    - target: {fileID: 9113922603697290439, guid: 88238e6575e09a84d8adaa6a322b7b87, type: 3}
      propertyPath: m_AnchorMax.y
      value: 0
      objectReference: {fileID: 0}
    - target: {fileID: 9113922603697290439, guid: 88238e6575e09a84d8adaa6a322b7b87, type: 3}
      propertyPath: m_AnchorMin.y
      value: 0
      objectReference: {fileID: 0}
    - target: {fileID: 9113922603697290439, guid: 88238e6575e09a84d8adaa6a322b7b87, type: 3}
      propertyPath: m_SizeDelta.x
      value: 0
      objectReference: {fileID: 0}
    - target: {fileID: 9113922603697290439, guid: 88238e6575e09a84d8adaa6a322b7b87, type: 3}
      propertyPath: m_AnchoredPosition.x
      value: 52.305
      objectReference: {fileID: 0}
    - target: {fileID: 9113922603697290439, guid: 88238e6575e09a84d8adaa6a322b7b87, type: 3}
      propertyPath: m_AnchoredPosition.y
      value: 0
      objectReference: {fileID: 0}
    m_RemovedComponents: []
  m_SourcePrefab: {fileID: 100100000, guid: 88238e6575e09a84d8adaa6a322b7b87, type: 3}
--- !u!224 &281401553831537339 stripped
RectTransform:
  m_CorrespondingSourceObject: {fileID: 7863062008355535033, guid: 88238e6575e09a84d8adaa6a322b7b87, type: 3}
  m_PrefabInstance: {fileID: 7996290691736637954}
  m_PrefabAsset: {fileID: 0}
